<?xml version="1.0" encoding="UTF-8"?>

<auditfile xmlns:xsi="http://www.w3.org/2001/XMLSchema-instance" xmlns="http://www.odb.belastingdienst.nl/Belastingdienst/BCPP/1.1/structures/XmlauditfileXAF_4.0" xsi:schemaLocation="http://www.odb.belastingdienst.nl/Belastingdienst/BCPP/1.1/structures/XmlauditfileXAF_4.0 XmlAuditfileFinancieel4.0.xsd">
	<header>
		<fiscalYear>2024</fiscalYear>
		<startDate>2024-01-01</startDate>
		<endDate>2024-12-31</endDate>
		<curCode>EUR</curCode>
		<dateCreated>2025-03-01</dateCreated>
		<softwareDesc>Software</softwareDesc>
		<softwareVersion>Version 1.0</softwareVersion>
		<RGSVersion>RGS-1</RGSVersion>
	</header>
	<company>
		<Commercenr>123456789</Commercenr>
		<companyName>Company</companyName>
		<taxRegistrationCountry>NL</taxRegistrationCountry>
		<taxRegIdent>11111112</taxRegIdent>
		<streetAddress>
			<streetname>Straat</streetname>
			<number>99</number>
			<numberExtension>A</numberExtension>
			<city>Plaats</city>
			<postalCode>9999 XX</postalCode>
			<country>NL</country>
		</streetAddress>
		<customersSuppliers>
			<customerSupplier>
				<custSupID>custSup01</custSupID>
				<custSupName>CustSupName</custSupName>
				<eMail>abc@def.nl</eMail>
				<commerceNr>987654321</commerceNr>
				<taxRegistrationCountry>NL</taxRegistrationCountry>
				<taxRegIdent>22222224</taxRegIdent>
				<custSupTp>C</custSupTp>
				<opBalDesc>333.33</opBalDesc>
				<opBalTp>D</opBalTp>
				<clBalDesc>444.44</clBalDesc>
				<clBalTp>D</clBalTp>
				<streetAddress>
					<streetname>csStraat</streetname>
					<number>123</number>
					<numberExtension>B</numberExtension>
					<city>csPlaats</city>
					<postalCode>8888ZZ</postalCode>
					<country>NL</country>
				</streetAddress>
			</customerSupplier>
		</customersSuppliers>
		<generalLedger>
			<ledgerAccount>
				<accID>1000</accID>
				<accDesc>KAS</accDesc>
				<accTp>B</accTp>
				<RGScode>0001</RGScode>
			</ledgerAccount>
			<ledgerAccount>
				<accID>2000</accID>
				<accDesc>BANK</accDesc>
				<accTp>B</accTp>
				<RGScode>0002</RGScode>
			</ledgerAccount>
		</generalLedger>
		<vatCodes>
			<vatCode>
				<vatID>VatID01</vatID>
				<vatDesc>VatDesc01</vatDesc>
				<vatToPayAccID>1800</vatToPayAccID>
				<vatToClaimAccID>1600</vatToClaimAccID>
			</vatCode>
			<vatCode>
				<vatID>VatID02</vatID>
				<vatDesc>VatDesc02</vatDesc>
				<vatToPayAccID>1801</vatToPayAccID>
				<vatToClaimAccID>1601</vatToClaimAccID>
			</vatCode>
		</vatCodes>
		<periods>
			<period>
				<periodNumber>1</periodNumber>
				<startDatePeriod>2024-01-01</startDatePeriod>
				<endDatePeriod>2024-01-31</endDatePeriod>
			</period>
			<period>
				<periodNumber>2</periodNumber>
				<startDatePeriod>2024-02-01</startDatePeriod>
				<endDatePeriod>2024-02-29</endDatePeriod>
			</period>
		</periods>
		<openingBalance>
			<linesCount>2</linesCount>
			<totalDebit>11111.11</totalDebit>
			<totalCredit>11111.11</totalCredit>
			<obLine>
				<nr>1</nr>
				<accID>1000</accID>
				<amnt>11111.11</amnt>
				<amntTp>D</amntTp>
			</obLine>
			<obLine>
				<nr>2</nr>
				<accID>2000</accID>
				<amnt>11111.11</amnt>
				<amntTp>C</amntTp>
			</obLine>
		</openingBalance>
		<transactions>
			<linesCount>2</linesCount>
			<totalDebit>11111.11</totalDebit>
			<totalCredit>11111.11</totalCredit>
			<journal>
				<jrnID>MEMO</jrnID>
				<desc>Memoriaal</desc>
				<jrnTp>M</jrnTp>
				<offsetAccID>9999</offsetAccID>
				<transaction>
					<nr>20240001</nr>
					<desc>transactionDescription 20240001</desc>
					<periodNumber>1</periodNumber>
					<trDt>2024-01-15</trDt>
					<Source>BANK 2401001</Source>
					<User>JANSEN01</User>
					<trLine>
						<nr>1</nr>
						<accID>1000</accID>
						<docRef>2024-01001</docRef>
						<effDate>2024-01-15</effDate>
						<settDate>2024-01-13</settDate>
						<desc>Overboeking</desc>
						<amnt>11111.11</amnt>
						<amntTp>D</amntTp>
						<custSupID>custSup01</custSupID>
						<invRef>2024-01001</invRef>
						<receivingDocRef>recv001</receivingDocRef>
						<shipDocRef>ship001</shipDocRef>
						<cost>cost001</cost>
						<product>prod001</product>
						<project>proj001</project>
						<workCostArrRef>D</workCostArrRef>
						<bankAccNr/>
						<offsetBankAccNr/>
					</trLine>
					<trLine>
						<nr>2</nr>
						<accID>2000</accID>
						<docRef>2024-01001</docRef>
						<effDate>2024-01-15</effDate>
						<settDate>2024-01-13</settDate>
						<desc>Overboeking</desc>
						<amnt>11111.11</amnt>
						<amntTp>C</amntTp>
						<custSupID>custSup01</custSupID>
						<invRef>2024-01001</invRef>
						<receivingDocRef>recv001</receivingDocRef>
						<shipDocRef>ship001</shipDocRef>
						<cost>cost001</cost>
						<product>prod001</product>
						<project>proj001</project>
						<workCostArrRef>V - vrijeRuimte WCAR</workCostArrRef>
						<bankAccNr>NL01INGB0112233444</bankAccNr>
						<offsetBankAccNr>NL01ABNA0443322111</offsetBankAccNr>
						<vat>
							<vatID>VatID</vatID>
							<vatPerc>21</vatPerc>
							<vatAmnt>0.00</vatAmnt>
							<vatAmntTp>D</vatAmntTp>
						</vat>
						<currency>
							<curCode>USD</curCode>
							<curAmnt>1222.22</curAmnt>
						</currency>
					</trLine>
				</transaction>
			</journal>
		</transactions>
	</company>
</auditfile>
